@article{Lecun1998,
    author={Y. LeCun and L. Bottou and Y. Bengio and P. Haffner}, 
    journal={Proceedings of the IEEE}, 
    title={Gradient-based learning applied to document recognition}, 
    year={1998}, 
    volume={86}, 
    number={11}, 
    pages={2278-2324},
    doi={10.1109/5.726791}, 
    ISSN={0018-9219}, 
    month={Nov}
}

 @misc{StanfordCS,
   author = {Karpathy, A.},
   title = {CS231n Convolutional Neural Networks for Visual Recognition},
   year = {2017},
   url = {http://cs231n.github.io/convolutional-networks},
   note = {Pristupano: 06.05.2017}
 }

@INPROCEEDINGS{lenet5hecr, 
    author={A. Yuan and G. Bai and L. Jiao and Y. Liu}, 
    booktitle={2012 10th IAPR International Workshop on Document Analysis Systems}, 
    title={Offline handwritten English character recognition based on convolutional neural network}, 
    year={2012}, 
    pages={125-129},  
    doi={10.1109/DAS.2012.61}, 
    month={March}
}

@INPROCEEDINGS{rcnn, 
    author={L. Chen and S. Wang and W. Fan and J. Sun and S. Naoi}, 
    booktitle={2016 15th International Conference on Frontiers in Handwriting Recognition (ICFHR)}, 
    title={Cascading Training for Relaxation CNN on Handwritten Character Recognition}, 
    year={2016}, 
    pages={162-167}, 
    doi={10.1109/ICFHR.2016.0041}, 
    ISSN={2167-6445}, 
    month={Oct}
}

@article{adadelta,
  author    = {Matthew D. Zeiler},
  title     = {{ADADELTA:} An Adaptive Learning Rate Method},
  journal   = {CoRR},
  volume    = {abs/1212.5701},
  year      = {2012},
  url       = {http://arxiv.org/abs/1212.5701},
  timestamp = {Wed, 02 Jan 2013 09:49:04 +0100},
  biburl    = {http://dblp.uni-trier.de/rec/bib/journals/corr/abs-1212-5701},
  bibsource = {dblp computer science bibliography, http://dblp.org}
}

@article{adam,
  author    = {Diederik P. Kingma and
               Jimmy Ba},
  title     = {Adam: {A} Method for Stochastic Optimization},
  journal   = {CoRR},
  volume    = {abs/1412.6980},
  year      = {2014},
  url       = {http://arxiv.org/abs/1412.6980},
  archivePrefix = {arXiv},
  eprint    = {1412.6980},
  timestamp = {Wed, 07 Jun 2017 14:40:52 +0200},
  biburl    = {http://dblp.org/rec/bib/journals/corr/KingmaB14},
  bibsource = {dblp computer science bibliography, http://dblp.org}
}

@article{dropout,
  author  = {Nitish Srivastava and Geoffrey Hinton and Alex Krizhevsky and Ilya Sutskever and Ruslan Salakhutdinov},
  title   = {Dropout: A Simple Way to Prevent Neural Networks from Overfitting},
  journal = {Journal of Machine Learning Research},
  year    = {2014},
  volume  = {15},
  pages   = {1929-1958},
  url     = {http://jmlr.org/papers/v15/srivastava14a.html}
}

  @misc{zavrsni,
   title = {Završni rad - {Očitavanje rukom pisanih slova}},
   author = {Gulan, F.},
   year = {2016},
   url = {https://ferko.fer.hr/ferko/EPortfolio!dlFile.action?id=330},
   note = {Pristupano: 03.02.2018}
 }
 
 @misc{seminar,
   title = {Diplomski seminar - {Očitavanje rukom pisanih slova}},
   author = {Gulan, F.},
   year = {2017}
 }
 
  
 @misc{duboko,
   title = {Prezentacije s predmeta {Duboko učenje}},
   author = {FER},
   year = {2017/2018}
 }
 
 @misc{coreml,
   title = {{Core ML} - {Integrate machine learning models into your app}},
   author = {Apple},
   year = {2017},
   url = {https://developer.apple.com/documentation/coreml},
   note = {Pristupano: 04.02.2018}
 }
 